<?xml version="1.0" encoding="UTF-8"?><collection xmlns="http://www.loc.gov/MARC21/slim"><record><leader>00516nam--2200169-u-4500</leader><controlfield tag="001">000055718</controlfield><controlfield tag="002">20161230</controlfield><controlfield tag="005">20161230201052</controlfield><controlfield tag="008">130402s1000------------r-----000-0-rus-d</controlfield><datafield ind1=" " ind2=" " tag="040"><subfield code="a">IFIN-HH</subfield></datafield><datafield ind1=" " ind2=" " tag="041"><subfield code="a">rus</subfield></datafield><datafield ind1="1" ind2=" " tag="110"><subfield code="a">Sovet Ekonomiceskoi Vzaimopomosi</subfield></datafield><datafield ind1="1" ind2="0" tag="245"><subfield code="a">Sympozium opit eksplutatii i ispolzovania issledovatelskih reaktor</subfield><subfield code="b">G. predeal0 septiabria 4 oktiabria 1974</subfield></datafield><datafield ind1=" " ind2=" " tag="260"><subfield code="a">Predeal</subfield><subfield code="b">Sovet Ekonomiceskoi Vzaimopomosi</subfield><subfield code="c">1974</subfield></datafield><datafield ind1=" " ind2=" " tag="300"><subfield code="a">849P</subfield></datafield><datafield ind1=" " ind2=" " tag="852"><subfield code="a">42901</subfield><subfield code="c">H.H</subfield></datafield><datafield ind1=" " ind2=" " tag="CAT"><subfield code="a">Sys</subfield><subfield code="c">20130402</subfield><subfield code="h">111405</subfield></datafield></record></collection>